@article{wilson1968fermi,
  title={Fermiâ€™s theory of beta decay},
  author={Wilson, Fred L},
  journal={American Journal of Physics},
  volume={36},
  number={12},
  pages={1150--1160},
  year={1968},
  publisher={AAPT}
}

@incollection{cowan1991detection,
  title={Detection of the free neutrino: a confirmation},
  author={Cowan Jr, Clyde L and Reines, Frederick and Harrison, FB and Kruse, HW and McGuire, AD},
  booktitle={Neutrinos And Other Matters: Selected Works of Frederick Reines},
  pages={57--58},
  year={1991},
  publisher={World Scientific}
}

@article{danby1962observation,
  title={Observation of high-energy neutrino reactions and the existence of two kinds of neutrinos},
  author={Danby, Gaillard and Gaillard, JM and Goulianos, Konstantin and Lederman, LM and Mistry, N and Schwartz, M and Steinberger, J},
  journal={Physical Review Letters},
  volume={9},
  number={1},
  pages={36},
  year={1962},
  publisher={APS}
}

@article{kodama2001observation,
  title={Observation of tau neutrino interactions},
  author={Kodama, K and Ushida, N and Andreopoulos, C and Saoulidou, N and Tzanakos, G and Yager, P and Baller, B and Boehnlein, D and Freeman, W and Lundberg, B and others},
  journal={Physics Letters B},
  volume={504},
  number={3},
  pages={218--224},
  year={2001},
  publisher={Elsevier}
}

@article{fukuda1998evidence,
  title={Evidence for oscillation of atmospheric neutrinos},
  author={Fukuda, Y and Hayakawa, T and Ichihara, E and Inoue, K and Ishihara, K and Ishino, H and Itow, Y and Kajita, T and Kameda, J and Kasuga, S and others},
  journal={Physical Review Letters},
  volume={81},
  number={8},
  pages={1562},
  year={1998},
  publisher={APS}
}

@article{ahmad2002direct,
  title={Direct evidence for neutrino flavor transformation from neutral-current interactions in the Sudbury Neutrino Observatory},
  author={Ahmad, Q Retal and Allen, RC and Andersen, TC and Anglin, JD and Barton, JC and Beier, EW and Bercovitch, M and Bigu, J and Biller, SD and Black, RA and others},
  journal={Physical review letters},
  volume={89},
  number={1},
  pages={011301},
  year={2002},
  publisher={APS}
}

@article{avignone2008double,
  title={Double beta decay, Majorana neutrinos, and neutrino mass},
  author={Avignone III, Frank T and Elliott, Steven R and Engel, Jonathan},
  journal={Reviews of Modern Physics},
  volume={80},
  number={2},
  pages={481},
  year={2008},
  publisher={APS}
}


% vim:ts=4:sw=4
